%YAML 1.1
%TAG !u! tag:unity3d.com,2011:
--- !u!1 &552114143911186490
GameObject:
  m_ObjectHideFlags: 0
  m_CorrespondingSourceObject: {fileID: 0}
  m_PrefabInstance: {fileID: 0}
  m_PrefabAsset: {fileID: 0}
  serializedVersion: 6
  m_Component:
  - component: {fileID: 1265287389335020038}
  - component: {fileID: 1152179326407726971}
  m_Layer: 0
  m_Name: fade
  m_TagString: Untagged
  m_Icon: {fileID: 0}
  m_NavMeshLayer: 0
  m_StaticEditorFlags: 0
  m_IsActive: 0
--- !u!4 &1265287389335020038
Transform:
  m_ObjectHideFlags: 0
  m_CorrespondingSourceObject: {fileID: 0}
  m_PrefabInstance: {fileID: 0}
  m_PrefabAsset: {fileID: 0}
  m_GameObject: {fileID: 552114143911186490}
  m_LocalRotation: {x: 0, y: 0, z: 0, w: 1}
  m_LocalPosition: {x: -0.075, y: 0.266, z: -0.01}
  m_LocalScale: {x: 0.4, y: 0.4, z: 1}
  m_ConstrainProportionsScale: 0
  m_Children: []
  m_Father: {fileID: 4561384294226460215}
  m_RootOrder: 4
  m_LocalEulerAnglesHint: {x: 0, y: 0, z: 0}
--- !u!212 &1152179326407726971
SpriteRenderer:
  m_ObjectHideFlags: 0
  m_CorrespondingSourceObject: {fileID: 0}
  m_PrefabInstance: {fileID: 0}
  m_PrefabAsset: {fileID: 0}
  m_GameObject: {fileID: 552114143911186490}
  m_Enabled: 1
  m_CastShadows: 0
  m_ReceiveShadows: 0
  m_DynamicOccludee: 1
  m_StaticShadowCaster: 0
  m_MotionVectors: 1
  m_LightProbeUsage: 1
  m_ReflectionProbeUsage: 1
  m_RayTracingMode: 0
  m_RayTraceProcedural: 0
  m_RenderingLayerMask: 1
  m_RendererPriority: 0
  m_Materials:
  - {fileID: 10754, guid: 0000000000000000f000000000000000, type: 0}
  m_StaticBatchInfo:
    firstSubMesh: 0
    subMeshCount: 0
  m_StaticBatchRoot: {fileID: 0}
  m_ProbeAnchor: {fileID: 0}
  m_LightProbeVolumeOverride: {fileID: 0}
  m_ScaleInLightmap: 1
  m_ReceiveGI: 1
  m_PreserveUVs: 0
  m_IgnoreNormalsForChartDetection: 0
  m_ImportantGI: 0
  m_StitchLightmapSeams: 1
  m_SelectedEditorRenderState: 0
  m_MinimumChartSize: 4
  m_AutoUVMaxDistance: 0.5
  m_AutoUVMaxAngle: 89
  m_LightmapParameters: {fileID: 0}
  m_SortingLayerID: 0
  m_SortingLayer: 0
  m_SortingOrder: 1
  m_Sprite: {fileID: 21300000, guid: 582a34f85c67b6540a46eeac20e390ab, type: 3}
  m_Color: {r: 1, g: 1, b: 1, a: 1}
  m_FlipX: 0
  m_FlipY: 0
  m_DrawMode: 0
  m_Size: {x: 1.95, y: 2.06}
  m_AdaptiveModeThreshold: 0.5
  m_SpriteTileMode: 0
  m_WasSpriteAssigned: 1
  m_MaskInteraction: 0
  m_SpriteSortPoint: 0
--- !u!1001 &8547464222802078289
PrefabInstance:
  m_ObjectHideFlags: 0
  serializedVersion: 2
  m_Modification:
    m_TransformParent: {fileID: 0}
    m_Modifications:
    - target: {fileID: 1757373947374997973, guid: c4b120d2d85b3a047b6a47ba5acb700d, type: 3}
      propertyPath: _fade
      value: 
      objectReference: {fileID: 552114143911186490}
    - target: {fileID: 1757373947374997973, guid: c4b120d2d85b3a047b6a47ba5acb700d, type: 3}
      propertyPath: _adult
      value: 
      objectReference: {fileID: 6159102053309649021}
    - target: {fileID: 1757373947374997973, guid: c4b120d2d85b3a047b6a47ba5acb700d, type: 3}
      propertyPath: _sprout
      value: 
      objectReference: {fileID: 5204478295138821449}
    - target: {fileID: 1757373947374997973, guid: c4b120d2d85b3a047b6a47ba5acb700d, type: 3}
      propertyPath: _timeUI
      value: 
      objectReference: {fileID: 9102417833256412849}
    - target: {fileID: 1757373947374997973, guid: c4b120d2d85b3a047b6a47ba5acb700d, type: 3}
      propertyPath: _juvenile
      value: 
      objectReference: {fileID: 1248875190001327052}
    - target: {fileID: 1757373947374997973, guid: c4b120d2d85b3a047b6a47ba5acb700d, type: 3}
      propertyPath: _plantData
      value: 
      objectReference: {fileID: 11400000, guid: bcd6ab3e90d72f9449b9441614ac88ef, type: 2}
    - target: {fileID: 1757373947374997973, guid: c4b120d2d85b3a047b6a47ba5acb700d, type: 3}
      propertyPath: _plantIcon
      value: 
      objectReference: {fileID: 21300000, guid: dbba5a2042053a847b8dbdd3bf46cf35, type: 3}
    - target: {fileID: 3933087652625209463, guid: c4b120d2d85b3a047b6a47ba5acb700d, type: 3}
      propertyPath: m_Size.x
      value: 2.08
      objectReference: {fileID: 0}
    - target: {fileID: 3933087652625209463, guid: c4b120d2d85b3a047b6a47ba5acb700d, type: 3}
      propertyPath: m_Size.y
      value: 2.08
      objectReference: {fileID: 0}
    - target: {fileID: 3933087652625209463, guid: c4b120d2d85b3a047b6a47ba5acb700d, type: 3}
      propertyPath: m_Sprite
      value: 
      objectReference: {fileID: 21300000, guid: b68a12e8338296a47bbb0a86d692a7aa, type: 3}
    - target: {fileID: 3933087652625209463, guid: c4b120d2d85b3a047b6a47ba5acb700d, type: 3}
      propertyPath: m_WasSpriteAssigned
      value: 1
      objectReference: {fileID: 0}
    - target: {fileID: 4814810566100894389, guid: c4b120d2d85b3a047b6a47ba5acb700d, type: 3}
      propertyPath: m_Size.x
      value: 2.08
      objectReference: {fileID: 0}
    - target: {fileID: 4814810566100894389, guid: c4b120d2d85b3a047b6a47ba5acb700d, type: 3}
      propertyPath: m_Size.y
      value: 2.08
      objectReference: {fileID: 0}
    - target: {fileID: 4814810566100894389, guid: c4b120d2d85b3a047b6a47ba5acb700d, type: 3}
      propertyPath: m_Sprite
      value: 
      objectReference: {fileID: 21300000, guid: fef54210016fb84449fa2fd65e378b25, type: 3}
    - target: {fileID: 4814810566100894389, guid: c4b120d2d85b3a047b6a47ba5acb700d, type: 3}
      propertyPath: m_WasSpriteAssigned
      value: 1
      objectReference: {fileID: 0}
    - target: {fileID: 5319872342733853798, guid: c4b120d2d85b3a047b6a47ba5acb700d, type: 3}
      propertyPath: m_RootOrder
      value: 0
      objectReference: {fileID: 0}
    - target: {fileID: 5319872342733853798, guid: c4b120d2d85b3a047b6a47ba5acb700d, type: 3}
      propertyPath: m_LocalPosition.x
      value: 0
      objectReference: {fileID: 0}
    - target: {fileID: 5319872342733853798, guid: c4b120d2d85b3a047b6a47ba5acb700d, type: 3}
      propertyPath: m_LocalPosition.y
      value: 0
      objectReference: {fileID: 0}
    - target: {fileID: 5319872342733853798, guid: c4b120d2d85b3a047b6a47ba5acb700d, type: 3}
      propertyPath: m_LocalPosition.z
      value: 0
      objectReference: {fileID: 0}
    - target: {fileID: 5319872342733853798, guid: c4b120d2d85b3a047b6a47ba5acb700d, type: 3}
      propertyPath: m_LocalRotation.w
      value: 1
      objectReference: {fileID: 0}
    - target: {fileID: 5319872342733853798, guid: c4b120d2d85b3a047b6a47ba5acb700d, type: 3}
      propertyPath: m_LocalRotation.x
      value: 0
      objectReference: {fileID: 0}
    - target: {fileID: 5319872342733853798, guid: c4b120d2d85b3a047b6a47ba5acb700d, type: 3}
      propertyPath: m_LocalRotation.y
      value: 0
      objectReference: {fileID: 0}
    - target: {fileID: 5319872342733853798, guid: c4b120d2d85b3a047b6a47ba5acb700d, type: 3}
      propertyPath: m_LocalRotation.z
      value: 0
      objectReference: {fileID: 0}
    - target: {fileID: 5319872342733853798, guid: c4b120d2d85b3a047b6a47ba5acb700d, type: 3}
      propertyPath: m_LocalEulerAnglesHint.x
      value: 0
      objectReference: {fileID: 0}
    - target: {fileID: 5319872342733853798, guid: c4b120d2d85b3a047b6a47ba5acb700d, type: 3}
      propertyPath: m_LocalEulerAnglesHint.y
      value: 0
      objectReference: {fileID: 0}
    - target: {fileID: 5319872342733853798, guid: c4b120d2d85b3a047b6a47ba5acb700d, type: 3}
      propertyPath: m_LocalEulerAnglesHint.z
      value: 0
      objectReference: {fileID: 0}
    - target: {fileID: 6204036640681228033, guid: c4b120d2d85b3a047b6a47ba5acb700d, type: 3}
      propertyPath: m_Size.x
      value: 1.95
      objectReference: {fileID: 0}
    - target: {fileID: 6204036640681228033, guid: c4b120d2d85b3a047b6a47ba5acb700d, type: 3}
      propertyPath: m_Size.y
      value: 2.06
      objectReference: {fileID: 0}
    - target: {fileID: 6204036640681228033, guid: c4b120d2d85b3a047b6a47ba5acb700d, type: 3}
      propertyPath: m_Sprite
      value: 
      objectReference: {fileID: 21300000, guid: a97e32e31b500e54d9a0b1432ed7fd2a, type: 3}
    - target: {fileID: 6204036640681228033, guid: c4b120d2d85b3a047b6a47ba5acb700d, type: 3}
      propertyPath: m_WasSpriteAssigned
      value: 1
      objectReference: {fileID: 0}
    - target: {fileID: 7459790003663602711, guid: c4b120d2d85b3a047b6a47ba5acb700d, type: 3}
      propertyPath: m_Name
      value: AppleTree
      objectReference: {fileID: 0}
    m_RemovedComponents: []
  m_SourcePrefab: {fileID: 100100000, guid: c4b120d2d85b3a047b6a47ba5acb700d, type: 3}
--- !u!1 &1248875190001327052 stripped
GameObject:
  m_CorrespondingSourceObject: {fileID: 7478882708394455453, guid: c4b120d2d85b3a047b6a47ba5acb700d, type: 3}
  m_PrefabInstance: {fileID: 8547464222802078289}
  m_PrefabAsset: {fileID: 0}
--- !u!4 &4561384294226460215 stripped
Transform:
  m_CorrespondingSourceObject: {fileID: 5319872342733853798, guid: c4b120d2d85b3a047b6a47ba5acb700d, type: 3}
  m_PrefabInstance: {fileID: 8547464222802078289}
  m_PrefabAsset: {fileID: 0}
--- !u!1 &5204478295138821449 stripped
GameObject:
  m_CorrespondingSourceObject: {fileID: 4513930654940958488, guid: c4b120d2d85b3a047b6a47ba5acb700d, type: 3}
  m_PrefabInstance: {fileID: 8547464222802078289}
  m_PrefabAsset: {fileID: 0}
--- !u!1 &6159102053309649021 stripped
GameObject:
  m_CorrespondingSourceObject: {fileID: 2587097825843935788, guid: c4b120d2d85b3a047b6a47ba5acb700d, type: 3}
  m_PrefabInstance: {fileID: 8547464222802078289}
  m_PrefabAsset: {fileID: 0}
--- !u!114 &9102417833256412849 stripped
MonoBehaviour:
  m_CorrespondingSourceObject: {fileID: 634156140893539552, guid: c4b120d2d85b3a047b6a47ba5acb700d, type: 3}
  m_PrefabInstance: {fileID: 8547464222802078289}
  m_PrefabAsset: {fileID: 0}
  m_GameObject: {fileID: 0}
  m_Enabled: 1
  m_EditorHideFlags: 0
  m_Script: {fileID: 11500000, guid: f4688fdb7df04437aeb418b961361dc5, type: 3}
  m_Name: 
  m_EditorClassIdentifier: 
